@misc{a1, 
	  author = "Wikipedia" 
      title = "Friendship paradox :",
      howpublished = "https://en.wikipedia.org/wiki/Friendship\_paradox"
      Year = "2015"
}
@misc{a2,     
      author = "MartinvonLoewis" 
      title = "MiniDom :",
      howpublished = "https://wiki.python.org/moin/MiniDom"
      Year = "2012"
}
@misc{a3,     
      author = "mkyong" 
      title = "Python â€“ Read XML file :",
      howpublished = "http://www.mkyong.com/python/python-read-xml-file-dom-example/"
      Year = "2014"
}
@misc{a4,     
      author = "The R Graphics Package" 
      title = "Add Text to a Plot :",
      howpublished = "https://stat.ethz.ch/R-manual/R-devel/library/graphics/html/text.html"
      Year = "2013"
}
@misc{a5,     
      author = "The R Graphics Package" 
      title = "Add Arrows to a Plot :",
      howpublished = "https://docs.python.org/2/library/math.html"
      Year = "2013"
}
@misc{a6,     
      author = "Twitter Incorporation" 
      title = "GET followers/list :",
      howpublished = "https://dev.twitter.com/rest/reference/get/followers/list"
      Year = "2015"
}
@misc{a7,    
      author = "alecxe" 
      title = "The best way to get a list of followers in Python with Tweepy :",
      howpublished = "http://stackoverflow.com/questions/17455107/the-best-way-to-get-a-list-of-followers-in-python-with-tweepy"
      Year = "2013"
}
@misc{a8,    
      author = "user1681664" 
      title = "How to use linkedin API with python :",
      howpublished = "http://stackoverflow.com/questions/17600244/how-to-use-linkedin-api-with-python"
      Year = "2013"
}