@misc{a1, 
	  author = "GroupLens" ,
      title = "MovieLens 100K Dataset",
      howpublished = "{\url{http://grouplens.org/datasets/movielens/100k/}}",
      Year = "2016"
}
@misc{a2,     
      author = "K. Arthur Endsley" ,
      title = "Recommendation.py ",
      howpublished = "{\url{https://github.com/arthur-e/Programming-Collective-Intelligence/blob/master/chapter2/recommendations.py}}",
      Year = "2014"
}
