@misc{a1, 
      author = "The Nexus team" ,
      title = "Nexus - Zacharyâ€™s karate club",
      howpublished = {\url{http://nexus.igraph.org/api/dataset_info?id=1&format=html}},
      Year = "2011"
}
@misc{a2,     
      author = "The igraph core team" ,
      title = "python-igraph Manual",
      howpublished = {\url{http://igraph.org/python/doc/tutorial/tutorial.html}},
      Year = "2015"
}
@misc{a3,     
      author = "Python Software Foundation" ,
      title = "Python Built-in Functions",
      howpublished = {\url{https://docs.python.org/2/library/functions.html}},
      Year = "2016"
}
@misc{a4,     
      author = "Wayne W. Zachary" ,
      title = "An Information Flow Model for Conflict and Fission in Small Groups1",
      howpublished = {\url{http://aris.ss.uci.edu/~lin/76.pdf}},
      Year = "1977"
}
