@misc{a1,     
      title = "Using Twitter API with Python:",
      howpublished = "http://thomassileo.com/blog/2013/01/25/using-twitter-rest-api-v1-dot-1-with-python/"
}
@misc{a2,     
      title ="Tweepy Library:",
      howpublished = "http://docs.tweepy.org/en/latest/getting-started.html"
}
@misc{a3,     
      title = "Processing twitter user data:",
      howpublished = "http://social-metrics.org/twitter-user-data/"
}
@misc{a4,     
      title = "Checking format of json:",
      howpublished = "http://jsonlint.com/"
}
@misc{a5,     
      title = "Writing json data to file:",
      howpublished = "http://stackoverflow.com/questions/12309269/how-do-i-write-json-data-to-a-file-in-python"
}
@misc{a6,     
      title = "Re library:",
      howpublished = "https://docs.python.org/2/library/re.html"
}
@misc{a7,    
      title = "Producing simple graphs in R:",
      howpublished = "http://www.harding.edu/fmccown/r/"
}
@misc{a8,    
      title = "Carbon dating tool:",
      howpublished = "http://ws-dl.blogspot.com/2014/11/2014-11-14-carbon-dating-web-version-20.html"
}
@misc{a9,  
      title = "Mememto aggregator:",
      howpublished = "http://mementoproxy.cs.odu.edu/aggr/timemap/link/1/http://www.cs.odu.edu/"
}