@misc1{website:TwitterforPython,     
      title = ``Python Twitter'',
      howpublished = ``http://thomassileo.com/blog/2013/01/25/using-twitter-rest-api-v1-dot-1-with-python/''
}
@misc2{website:Tweepy Library documentation,     
      title = ``Tweepy Library'',
      howpublished = ``http://docs.tweepy.org/en/latest/getting_started.html''
}
@misc3{website:Social Metrics,     
      title = ``Processing twitter user data'',
      howpublished = ``http://social-metrics.org/twitter-user-data/''
}
@misc4{website:Jsonlint,     
      title = ``Checking format of json'',
      howpublished = ``http://jsonlint.com/''
}
@misc5{website:Stackoverflow,     
      title = ``Writing json data to file'',
      howpublished = ``http://stackoverflow.com/questions/12309269/how-do-i-write-json-data-to-a-file-in-python''
}
@misc6{website:Re library,     
      title = ``Re library'',
      howpublished = ``https://docs.python.org/2/library/re.html''
}
@misc7{website:Harding.edu,     
      title = ``Producing simple graphs in R'',
      howpublished = ``http://www.harding.edu/fmccown/r/''
}
@misc8{website:Webscience and digital libraries research group,     
      title = ``Carbon dating tool'',
      howpublished = ``http://ws-dl.blogspot.com/2014/11/2014-11-14-carbon-dating-web-version-20.html''
}
@misc9{website:Mememto aggregator,     
      title = ``Mememto aggregator'',
      howpublished = ``http://mementoproxy.cs.odu.edu/aggr/timemap/link/1/http://www.cs.odu.edu/''
}

